<?xml version="1.0" encoding="UTF-8"?><collection xmlns="http://www.loc.gov/MARC21/slim"><record><leader>00597nam--2200181-i-4500</leader><controlfield tag="001">000039978</controlfield><controlfield tag="002">20161230</controlfield><controlfield tag="005">20161230201042</controlfield><controlfield tag="008">060222s1000------------r-----000-0-fre-d</controlfield><datafield ind1=" " ind2=" " tag="040"><subfield code="a">IFIN-HH</subfield></datafield><datafield ind1=" " ind2=" " tag="041"><subfield code="a">fre</subfield></datafield><datafield ind1=" " ind2=" " tag="080"><subfield code="a">539.123:539.1.073.3(043)</subfield></datafield><datafield ind1="1" ind2=" " tag="100"><subfield code="a">Sacquin, Yves</subfield></datafield><datafield ind1="1" ind2="0" tag="245"><subfield code="a">Etude des interactions de neutrinos du faisceau a bande etroite de 200 gev du cern dans la chambre a bulles bebc remplie d`un melage lourd neon-hydrogene</subfield><subfield code="b">These</subfield><subfield code="c">Yves sacquin</subfield></datafield><datafield ind1=" " ind2=" " tag="260"><subfield code="a">Orsay</subfield><subfield code="b">Universite De Paris-sud</subfield><subfield code="c">1979</subfield></datafield><datafield ind1=" " ind2=" " tag="300"><subfield code="a">227P</subfield></datafield><datafield ind1=" " ind2=" " tag="852"><subfield code="a">49663</subfield><subfield code="c">539.12</subfield></datafield><datafield ind1=" " ind2=" " tag="CAT"><subfield code="a">Sys</subfield><subfield code="c">20111208</subfield><subfield code="h">124202</subfield></datafield></record></collection>